%
@article{DissLentz,
   author = {L. Lentz},
   doi = {10.14279/depositonce-7525},
   institution = {TU Berlin},
   publisher = {TU Berlin},
	 journal = {Dissertation, TU Berlin},
   title = {{Zur Modellbildung und Analyse von bistabilen Energy-Harvesting-Systemen}},
   year = {2018},
}
%
@article{Lentz2015,
   author = {L. Lentz and U. von Wagner},
   doi = {10.1002/pamm.201510120},
   issue = {1},
   journal = {PAMM},
   month = {10},
   pages = {259-260},
   title = {Multi-mode model of a piezomagnetoelastic energy harvester under random excitation},
   volume = {15},
   year = {2015},
}
%
@article{Lentz2017,
   author = {L. Lentz and H. T. Nguyen and U. von Wagner},
   issue = {1},
   journal = {Machine Dynamics Research},
   title = {Energy harvesting from bistable systems under random excitation},
   volume = {41},
   year = {2017},
}
%
@misc{modulhandbuch,
  author = {UCB},
  title = {{Modulhandbuch Maschinenbau - Produktentwicklung und technische Planung}},
  howpublished = "\\\url{https://www.umwelt-campus.de/fileadmin/Umwelt-Campus/FB_UPUT/Modulhandbuecher_UPUT/MHB_PT_PO_2012_und_FPO_2019_2023_10_bis_derzeit.pdf}",
  year = {2023}, 
  note = "Online; zuletzt abgerufen am 12.12.2023"
}
%
@misc{pueschel,
  author = {E. Püschel},
  title = {{Ängste und Blockaden beim Schreiben wissenschaftlicher Arbeiten}},
  howpublished = "\\\url{https://www.fu-berlin.de/sites/studienberatung/psychologische_beratung/Texte/ressourcen_Textdokumente/Aengste-und-Blockaden.pdf}",
  year = {2023}, 
  note = "Online; zuletzt abgerufen am 12.12.2023"
}
%
@misc{teHeesen,
  author = {H. te Heesen},
  title = {{Ratgeber zur Erstellung von wissenschaftlichen Arbeiten}},
  howpublished = "\\\url{https://www.umwelt-campus.de/fileadmin/Umwelt-Campus/User/HteHeesen/documents/Ratgeber_zur_Erstellung_von_wissenschaftlichen_Arbeiten.pdf}",
  year = {2023}, 
  note = "Online; zuletzt abgerufen am 12.12.2023"
}
%
@misc{Rumpler,
  author = {M. Rumpler},
  title = {{Leitfaden für Bachelor-und Masterarbeiten}},
  howpublished = "\\\url{https://www.umwelt-campus.de/fileadmin/Umwelt-Campus/User/MRumpler/Leitfaden-Abschlussarbeiten.pdf}",
  year = {2023}, 
  note = "Online; zuletzt abgerufen am 12.12.2023"
}
